This file was created with JabRef 2.2.
Encoding: MacRoman

@BOOK{h2oBook,
  title = {Practical Machine Learning with H2O},
  publisher = {O'Reilly Media},
  year = {2016},
  month = {December},
  author = {Darren Cook},
  isbn = {978-1491964606}
}

@MISC{hortonApache,
  author = {Arun Murthy},
  title = {APACHE HADOOP YARN â€“ BACKGROUND AND AN OVERVIEW},
  month = {August},
  year = {2012},
  lastchecked = {February 20, 2017},
  url = {https://hortonworks.com/blog/apache-hadoop-yarn-background-and-an-overview/}
  }


@MISC{h2odocu,
  title = {H2O Documentation R Tutorial},
  lastchecked = {February 20, 2017},
  url = {http://h2o-release.s3.amazonaws.com/h2o/rel-lambert/5/docs-website/Ruser/rtutorial.html}
}

@ARTICLE{deepH2Odoc,
  author = {Arno Candel and Jessica Lanford and Erin LeDell and Viraj Parmar and Anisha Arora},
  title = {Deep Learning with H2O},
  month = {August},
  year = {2015},
  edition = {Third},
  publisher = {H2O},
  lastchecked = {February 20, 2017},
  url = {http://h2o-release.s3.amazonaws.com/h2o/rel-slater/9/docs-website/h2o-docs/booklets/DeepLearning_Vignette.pdf}
}

@ARTICLE{momentum,
  author = {Ilya Sutskever and James Martens and George Dahl and Geoffrey Hinton},
  title = {On the importance of initialization and momentum in deep learning},
  year = {2013},
  journal = {Proceedings of the 30th International Conference on Machine Learning},
  lastchecked = {February 20, 2017},
  url = {http://www.cs.toronto.edu/~hinton/absps/momentum.pdf}
}

@MISC{Sparklingh2oDoc,
  title = {Sparkling Water},
  lastchecked = {February 20, 2017},
  url = {http://docs.h2o.ai/h2o/latest-stable/h2o-docs/faq.html#sparkling-water}
}

@MISC{SparklingWaterML,
  title = {Sparkling Water (H20) Machine Learning},
  lastchecked = {February 20, 2017},
  url = {http://spark.rstudio.com/h2o.html}
}

@MISC{SparklingWaterOverview,
  title = {sparklyr: R interface for Apache Spark},
  lastchecked = {February 20, 2017},
  url = {http://spark.rstudio.com/index.html}
}

@ARTICLE{weatherDelayNews,
  author = {Alan Levin and Michael Sasso},
  title = {The Weather Isn't the Biggest Cause of U.S. Flight Delays},
  year = {2016},
  month = {August},
  lastchecked = {February 25, 2017},
  url = {https://www.bloomberg.com/news/articles/2016-08-23/blame-the-airlines-not-the-weather-for-most-u-s-flight-delays}
}


@ARTICLE{DeepFeedForward,
  author = {Yenumula B Reddy},
  title = {Classification and automatic recognition of objects using H2o package},
  lastchecked = {February 25, 2017},
  url = {http://www.gram.edu/offices/sponsoredprog/humangeo/docs/reddySPIE%202017-Related%20to%20BigData.pdf}
}

@ARTICLE{JVM,
  author = {Joseph Rickert},
  title = {Diving into H2O},
  publisher = {Revolutions},
  year = {2014},
  month = {April},
  lastchecked = {February 25, 2017},
  url = {http://blog.revolutionanalytics.com/2014/04/a-dive-into-h2o.html}
}

@MISC{HDFS,
  title = {HDFS Architecture Guide},
  author = {Dhruba Borthakur},
  lastchecked = {February 20, 2017},
  publisher = {hadoop},
  url = {https://hadoop.apache.org/docs/r1.2.1/hdfs_design.html}
}

@MISC{H2OInstall,
  title = {Download H2O 3.10.0.6},
  lastchecked = {February 20, 2017},
  publisher = {H2O},
  url = {http://h2o-release.s3.amazonaws.com/h2o/rel-turing/6/index.html#R}
}

@MISC{DownloadSpark,
title = {Download Apache Spark},
publisher = {Apache Spark},
url = {http://spark.apache.org/downloads.html}
}

@MISC{DownloadSparklingWater,
title = {Download Sparkling Water 1.6.8},
publisher = {H2O},
url = {http://h2o-release.s3.amazonaws.com/sparkling-water/rel-1.6/8/index.html}
}

@MISC{RDD,
title = {Spark Programming Guide},
publisher = {Apache Spark},
url = {http://spark.apache.org/docs/latest/programming-guide.html}
}

@MISC{Tachyon,
title = {Sparkling Water = H2O + Apache Spark},
author = {SriSatish Ambati},
publisher = {databricks},
url = {https://databricks.com/blog/2014/06/30/sparkling-water-h20-spark.html}
}

@MISC{checkpoint,
title = {checkpoint},
publisher = {H2O},
url = {http://docs.h2o.ai/h2o/latest-stable/h2o-docs/data-science/algo-params/checkpoint.html}
}



